@article{RN4,
   author = {Arendt, Detlev},
   title = {Evolution of eyes and photoreceptor cell types},
   journal = {Int. J. Dev. Biol},
   volume = {47},
   pages = {563 - 571},
   year = {2003},
   type = {Journal Article}
}

@article{RN5,
   author = {Bewley, W. L. and O'Neil, H. F.},
   title = {Evaluation of medical simulations},
   number = {1930-613X (Electronic)},
   type = {Journal Article}
}

@article{RN10,
   author = {Bloch, Edward and Luo, Yvonne and da Cruz, Lyndon},
   title = {Advances in retinal prosthesis systems},
   journal = {Therapeutic Advances in Ophthalmology},
   volume = {11},
   pages = {2515841418817501},
   ISSN = {2515-8414},
   DOI = {10.1177/2515841418817501},
   url = {https://doi.org/10.1177/2515841418817501},
   year = {2019},
   type = {Journal Article}
}

@article{RN25,
   author = {Bloch, Edward and Luo, Yvonne and da Cruz, Lyndon},
   title = {Advances in retinal prosthesis systems},
   journal = {Therapeutic Advances in Ophthalmology},
   volume = {11},
   pages = {2515841418817501},
   ISSN = {2515-8414},
   DOI = {10.1177/2515841418817501},
   url = {https://doi.org/10.1177/2515841418817501},
   year = {2019},
   type = {Journal Article}
}

@article{RN7,
   author = {Bossuyt, X. and Verweire, K. and Blanckaert, N.},
   title = {Laboratory medicine: challenges and opportunities},
   journal = {Clin Chem},
   volume = {53},
   number = {10},
   pages = {1730-3},
   ISSN = {0009-9147 (Print)
0009-9147 (Linking)},
   DOI = {10.1373/clinchem.2007.093989},
   url = {https://www.ncbi.nlm.nih.gov/pubmed/17885139},
   year = {2007},
   type = {Journal Article}
}

@article{RN3,
   author = {Brohm, Thomas and Haupt, Karl and Thiel, Robert},
   title = {Pedestrian Intention and Gesture Classification Using Neural Networks},
   journal = {ATZ worldwide},
   volume = {121},
   number = {4},
   pages = {26-31},
   ISSN = {2192-9076},
   DOI = {10.1007/s38311-019-0006-6},
   url = {https://doi.org/10.1007/s38311-019-0006-6},
   year = {2019},
   type = {Journal Article}
}

@article{RN14,
   author = {Cho, J. and Lee, K. and  Shin, E. and Choy, G. and  Do, S. },
   title = {Medical Image Deep Learning with Hospital {PACS} Dataset},
   journal = {CoRR},
   volume = {abs/1511.06348},
   url = {http://arxiv.org/abs/1511.06348},
   year = {2015},
   type = {Journal Article}
}

@article{RN19,
   author = {Cireşan, Dan and Meier, Ueli and Masci, Jonathan and Schmidhuber, Jürgen},
   title = {Multi-column deep neural network for traffic sign classification},
   journal = {Neural Networks},
   volume = {32},
   pages = {333-338},
   ISSN = {0893-6080},
   DOI = {https://doi.org/10.1016/j.neunet.2012.02.023},
   url = {http://www.sciencedirect.com/science/article/pii/S0893608012000524},
   year = {2012},
   type = {Journal Article}
}

@article{RN24,
   author = {Guenther, Thomas and Lovell, Nigel H. and Suaning, Gregg J.},
   title = {Bionic vision: system architectures – a review},
   journal = {Expert Review of Medical Devices},
   volume = {9},
   number = {1},
   pages = {33-48},
   ISSN = {1743-4440},
   DOI = {10.1586/erd.11.58},
   url = {https://doi.org/10.1586/erd.11.58},
   year = {2012},
   type = {Journal Article}
}

@article{RN6,
   author = {Gulshan, Varun and Peng, Lily and Coram, Marc and Stumpe, Martin C. and Wu, Derek and Narayanaswamy, Arunachalam and Venugopalan, Subhashini and Widner, Kasumi and Madams, Tom and Cuadros, Jorge and Kim, Ramasamy and Raman, Rajiv and Nelson, Philip C. and Mega, Jessica L. and Webster, Dale R.},
   title = {Development and Validation of a Deep Learning Algorithm for Detection of Diabetic Retinopathy in Retinal Fundus Photographs},
   journal = {JAMA},
   volume = {316},
   number = {22},
   pages = {2402-2410},
   ISSN = {0098-7484},
   DOI = {10.1001/jama.2016.17216},
   url = {https://doi.org/10.1001/jama.2016.17216},
   year = {2016},
   type = {Journal Article}
}

@article{RN9,
   author = {Kalloniatis, M. and Nivison-Smith, L. and Chua, J. and Acosta, M. L. and Fletcher, E. L.},
   title = {Using the rd1 mouse to understand functional and anatomical retinal remodelling and treatment implications in retinitis pigmentosa: A review},
   journal = {Experimental Eye Research},
   volume = {150},
   pages = {106-121},
   ISSN = {0014-4835},
   DOI = {https://doi.org/10.1016/j.exer.2015.10.019},
   url = {http://www.sciencedirect.com/science/article/pii/S0014483515300579},
   year = {2016},
   type = {Journal Article}
}

@article{RN20,
   author = {Lee, Choong Ho and Yoon, Hyung-Jin},
   title = {Medical big data: promise and challenges},
   journal = {Kidney research and clinical practice},
   volume = {36},
   number = {1},
   pages = {3-11},
   ISSN = {2211-9132
2211-9140},
   DOI = {10.23876/j.krcp.2017.36.1.3},
   url = {https://www.ncbi.nlm.nih.gov/pubmed/28392994
https://www.ncbi.nlm.nih.gov/pmc/PMC5331970/},
   year = {2017},
   type = {Journal Article}
}

@article{RN8,
   author = {Marc, R. E. and Jones, B. W. and Watt, C. B. and Strettoi, E.},
   title = {Neural remodeling in retinal degeneration},
   journal = {Prog Retin Eye Res},
   volume = {22},
   number = {5},
   pages = {607-55},
   ISSN = {1350-9462 (Print)
1350-9462 (Linking)},
   url = {https://www.ncbi.nlm.nih.gov/pubmed/12892644},
   year = {2003},
   type = {Journal Article}
}

@article{RN23,
   author = {Nayagam, D. A. and McGowan C Fau - Villalobos, Joel and Villalobos J Fau - Williams, Richard A. and Williams Ra Fau - Salinas-LaRosa, Cesar and Salinas-LaRosa C Fau - McKelvie, Penny and McKelvie P Fau - Lo, Irene and Lo I Fau - Basa, Meri and Basa M Fau - Tan, Justin and Tan J Fau - Williams, Chris E. and Williams, C. E.},
   title = {Techniques for processing eyes implanted with a retinal prosthesis for localized histopathological analysis. LID - 10.3791/50411 [doi]},
   number = {1940-087X (Electronic)},
   type = {Journal Article}
}

@article{RN18,
   author = {Pereira S Fau - Pinto, Adriano and Pinto A Fau - Alves, Victor and Alves V Fau - Silva, Carlos A. and Silva, C. A.},
   title = {Brain Tumor Segmentation Using Convolutional Neural Networks in MRI Images},
   number = {1558-254X (Electronic)},
   type = {Journal Article}
}

@article{RN15,
   author = {Poplin, Ryan and Varadarajan, Avinash V. and Blumer, Katy and Liu, Yun and McConnell, Michael V. and Corrado, Greg S. and Peng, Lily and Webster, Dale R.},
   title = {Prediction of cardiovascular risk factors from retinal fundus photographs via deep learning},
   journal = {Nature Biomedical Engineering},
   volume = {2},
   number = {3},
   pages = {158-164},
   ISSN = {2157-846X},
   DOI = {10.1038/s41551-018-0195-0},
   url = {https://doi.org/10.1038/s41551-018-0195-0},
   year = {2018},
   type = {Journal Article}
}

@article{RN1,
   author = {Reese, B. E.},
   title = {Development of the retina and optic pathway},
   journal = {Vision Res},
   volume = {51},
   number = {7},
   pages = {613-32},
   ISSN = {0042-6989 (Print)
0042-6989},
   DOI = {10.1016/j.visres.2010.07.010},
   year = {2011},
   type = {Journal Article}
}

@book{RN21,
   author = {Saladin, K. S.},
   title = {Human Anatomy},
   publisher = {Braille Jymico Incorporated},
   ISBN = {9780071259712},
   url = {https://books.google.com.au/books?id=IlhcbudJ528C},
   year = {2005},
   type = {Book}
}

@article{RN16,
   author = {Takahashi, Hidenori and Tampo, Hironobu and Arai, Yusuke and Inoue, Yuji and Kawashima, Hidetoshi},
   title = {Applying artificial intelligence to disease staging: Deep learning for improved staging of diabetic retinopathy},
   journal = {PLOS ONE},
   volume = {12},
   number = {6},
   pages = {e0179790},
   DOI = {10.1371/journal.pone.0179790},
   url = {https://doi.org/10.1371/journal.pone.0179790},
   year = {2017},
   type = {Journal Article}
}

@article{RN22,
   author = {Vayena, Effy and Blasimme, Alessandro and Cohen, I. Glenn},
   title = {Machine learning in medicine: Addressing ethical challenges},
   journal = {PLoS medicine},
   volume = {15},
   number = {11},
   pages = {e1002689-e1002689},
   ISSN = {1549-1676
1549-1277},
   DOI = {10.1371/journal.pmed.1002689},
   url = {https://www.ncbi.nlm.nih.gov/pubmed/30399149
https://www.ncbi.nlm.nih.gov/pmc/PMC6219763/},
   year = {2018},
   type = {Journal Article}
}

@article{RN17,
   author = {Yang, M. and Otterness, N. and Amert, T. and Bakita, J. and Anderson, J. H. and Donelson Smith, F.},
   title = {Avoiding Pitfalls when Using NVIDIA GPUs for Real-Time Tasks in Autonomous Systems},
   journal = {Schloss Dagstuhl--Leibniz-Zentrum fuer Informatik},
   volume = {106},
   ISSN = {1868-8969},
   url = {http://drops.dagstuhl.de/opus/volltexte/2018/8984},
   year = {2018},
   type = {Journal Article}
}

@article{RN13,
   author = {Zheng, Yushan and Jiang, Zhiguo and Xie, Fengying and Zhang, Haopeng and Ma, Yibing and Shi, Huaqiang and Zhao, Yu},
   title = {Feature extraction from histopathological images based on nucleus-guided convolutional neural network for breast lesion classification},
   journal = {Pattern Recognition},
   volume = {71},
   pages = {14-25},
   ISSN = {0031-3203},
   DOI = {https://doi.org/10.1016/j.patcog.2017.05.010},
   url = {http://www.sciencedirect.com/science/article/pii/S0031320317302005},
   year = {2017},
   type = {Journal Article}
}

