@article{DBLP:journals/corr/ChoLSCD15,
  author    = {Junghwan Cho and
               Kyewook Lee and
               Ellie Shin and
               Garry Choy and
               Synho Do},
  title     = {Medical Image Deep Learning with Hospital {PACS} Dataset},
  journal   = {CoRR},
  volume    = {abs/1511.06348},
  year      = {2015},
  url       = {http://arxiv.org/abs/1511.06348},
  archivePrefix = {arXiv},
  eprint    = {1511.06348},
  timestamp = {Mon, 13 Aug 2018 16:47:36 +0200},
  biburl    = {https://dblp.org/rec/bib/journals/corr/ChoLSCD15},
  bibsource = {dblp computer science bibliography, https://dblp.org}
}

