@InProceedings{yang_et_al:LIPIcs:2018:8984,
  author =	{Ming Yang and Nathan Otterness and Tanya Amert and Joshua Bakita and James H. Anderson and F. Donelson Smith},
  title =	{{Avoiding Pitfalls when Using NVIDIA GPUs for Real-Time Tasks in Autonomous Systems}},
  booktitle =	{30th Euromicro Conference on Real-Time Systems (ECRTS 2018)},
  pages =	{20:1--20:21},
  series =	{Leibniz International Proceedings in Informatics (LIPIcs)},
  ISBN =	{978-3-95977-075-0},
  ISSN =	{1868-8969},
  year =	{2018},
  volume =	{106},
  editor =	{Sebastian Altmeyer},
  publisher =	{Schloss Dagstuhl--Leibniz-Zentrum fuer Informatik},
  address =	{Dagstuhl, Germany},
  URL =		{http://drops.dagstuhl.de/opus/volltexte/2018/8984},
  URN =		{urn:nbn:de:0030-drops-89845},
  doi =		{10.4230/LIPIcs.ECRTS.2018.20},
  annote =	{Keywords: real-time systems, graphics processing units, scheduling algorithms, parallel computing, embedded software}
}